@INPROCEEDINGS{5214725, 
author={Alam, S. and Barrett, R. and Bast, M. and Fahey, M.R. and Kuehn, J. and McCurdy, C. and Rogers, J. and Roth, P. and Sankaran, R. and Vetter, J.S. and Worley, P. and Yu, W.}, 
booktitle={High Performance Computing, Networking, Storage and Analysis, 2008. SC 2008. International Conference for}, 
title={Early evaluation of IBM BlueGene/P}, 
year={2008}, 
pages={1-12}, 
keywords={IBM computers;microprocessor chips;multiprocessor interconnection networks;system-on-chip;BlueGene architecture;IBM BlueGene/P;frequency 850 MHz;multiple interconnection network;system-on-a-chip;Bandwidth;Computer networks;Ethernet networks;Hardware;Laboratories;Large-scale systems;Multiprocessor interconnection networks;Power generation;Supercomputers;System-on-a-chip}, 
doi={10.1109/SC.2008.5214725}, 
month={Nov},}

@misc{ibm,
author={Sosa, C. and Knudson, B.},
title={IBM System Blue Gene Solution: Blue Gene/P Application Development},
year={2009},
pages={5,9},
note={\url{http://www.redbooks.ibm.com/redbooks/pdfs/sg247287.pdf}, Accessed: 9/26/2015}
}
