@misc{nvidia,
author={Nyland L. Harris M. and Prins J.},
title={GPU Gems 3},
year={2007},
note={\url{http://http.developer.nvidia.com/GPUGems3/gpugems3_ch31.html}, Accessed: 12/3/2015}
}

@misc{berkeley,
author={Vasily Volkov},
title={Better Performance at Lower Occupancy},
year={2010},
note={\url{http://www.cs.berkeley.edu/~volkov/volkov10-GTC.pdf}, Accessed: 12/3/2015}
}

@misc{barneshut,
title={Parallel N-Body Simulations},
note={\url{http://www.cs.cmu.edu/~scandal/alg/nbody.html}, Accessed: 12/10/2015}
}

@book{meyer,
  title={Introduction to Hamiltonian Dynamical Systems and the N-body Problem},
  author={Meyer, K.R. and Hall, G.R. and Dan Offin},
  number={v. 90},
  edition={2},
  isbn={9780387097237},
  series={Applied mathematical sciences},
  year={2009},
  pages={27-28},
  publisher={Springer}
}


@misc{glfw,
title={GLFW},
note={\url{http://www.glfw.org/}, Accessed: 12/10/2015}
}

@misc{opengl,
title={OpenGL},
note={\url{https://www.opengl.org/}, Accessed: 12/10/2015}
}

@misc{nsight,
title={NVIDIA NSight},
note={\url{http://www.nvidia.com/object/nsight.html}, Accessed: 12/10/2015}
}

@misc{nvprof,
title={NVIDIA nvprof},
note={\url{http://devblogs.nvidia.com/parallelforall/cuda-pro-tip-nvprof-your-handy-universal-gpu-profiler/}, 
Accessed: 12/10/2015}
}


@misc{gperftools,
title={gperftools},
note={\url{https://gperftools.googlecode.com/git/doc/cpuprofile.html}, Accessed: 12/10/2015}
}


@misc{bounds,
title={Launch Bounds},
note={\url{https://docs.nvidia.com/cuda/cuda-c-programming-guide/\#launch-bounds}, Accessed: 12/10/2015}
}
